<?xml version="1.0" encoding="UTF-8"?><collection xmlns="http://www.loc.gov/MARC21/slim"><record><leader>00329nam--2200121-i-4500</leader><controlfield tag="001">000047995</controlfield><controlfield tag="002">20161230</controlfield><controlfield tag="005">20161230201046</controlfield><controlfield tag="008">060222s1000------------r-----000-0-eng-d</controlfield><datafield ind1=" " ind2=" " tag="100"><subfield code="a">Zgud, J., Grabowski, B</subfield></datafield><datafield ind1=" " ind2=" " tag="245"><subfield code="a">Technique de la regulation par semi-conducteurs</subfield></datafield><datafield ind1=" " ind2=" " tag="260"><subfield code="a">Paris, Dunod, 1963, Xii + 138p., Xivpl</subfield></datafield><datafield ind1=" " ind2=" " tag="852"><subfield code="a">18050</subfield></datafield></record></collection>